@inproceedings{DescribeMe:ccs15,
 author = {Mu Zhang and Yue Duan and Qian Feng and Heng Yin},
 title = {Towards Automatic Generation of Security-Centric Descriptions for Android Apps},
 booktitle = {Proceedings of the 22nd {ACM} Conference on Computer and Communications Security ({CCS'15})},
 month = oct,
 year = 2015
}